@article{wilhelm:2008:wcet-overview,
  author    = {Reinhard Wilhelm and Jakob Engblom and Andreas Ermedahl and Niklas Holsti and Stephan Thesing and David Whalley and Guillem Bernat and Christian Ferdinand and Reinhold Heckmann and Tulika Mitra and Frank Mueller and Isabelle Puaut and Peter Puschner and Jan Staschulat and Bernd Becker and Werner Damm and Andreas Podelski and Reinhard Wilhelm and Reinhard Wilhelm and Jakob Engblom and Andreas Ermedahl and Niklas Holsti and Stephan Thesing and Guillem Bernat and Christian Ferdin and Reinhold Heckmann and Tulika Mitra and Isabelle Puaut and Peter Puschner and Jan Staschulat},
  title     = {{The Worst-Case Execution Time Problem – Overview of Methods and Survey of Tools}},
  journal   = {ACM Transactions on Embedded Computing Systems},
  year      = 2008,
  pages     = {1--53}

@inproceedings{chatterjee:2013:async-task-parallelism-mpi,
  author    = {Sanjay Chatterjee and
               Sagnak Tasirlar and
               Zoran Budimlic and
               Vincent Cav{\'{e}} and
               Milind Chabbi and
               Max Grossman and
               Vivek Sarkar and
               Yonghong Yan},
  title     = {Integrating Asynchronous Task Parallelism with {MPI}},
  year      = {2013},
  booktitle = {27th {IEEE} International Symposium on Parallel and Distributed Processing,
               {IPDPS} 2013, Cambridge, MA, USA, May 20-24, 2013},
  pages     = {712--725},
  crossref  = {DBLP:conf/ipps/2013},
  url       = {http://dx.doi.org/10.1109/IPDPS.2013.78},
  doi       = {10.1109/IPDPS.2013.78},
  timestamp = {Sun, 03 Aug 2014 17:23:20 +0200},
  biburl    = {http://dblp.uni-trier.de/rec/bib/conf/ipps/ChatterjeeTBCCGSY13},
  bibsource = {dblp computer science bibliography, http://dblp.org}
}

@mscthesis{HanhirovaThesis,
  author    = {Jussi Hanhirova},
  title     = {Performance analysis of hardware accelerated scheduling},
  year      = {2014},
  school    = {Department of Computer Science and Engineering, Aalto University School of Science and Technology, Espoo, Finland},
  note      = {\url{https://aaltodoc.aalto.fi/handle/123456789/14571/}}
}

@mscthesis{SaarinenThesis,
  author    = {Joonas Saarinen},
  title     = {Parallel Processing of Vehicle Telemetric Data},
  year      = {2014},
  school    = {Department of Computer Science and Engineering, Aalto University School of Science and Technology, Espoo, Finland},
  note      = {\url{https://aaltodoc.aalto.fi/handle/123456789/14570/}}
}


@Comment @misc{EC96,
@Comment   author =	 {{European Commission}},
@Comment   title =	 {Strategic Developments for the European Publishing
@Comment                   Industry towards the Year 2000 - Europe's Multimedia
@Comment                   Challenge},
@Comment   year =	 1996
@Comment }


@Comment @misc{ipdcforum_def,
@Comment   title =	 {About {IP} Datacasting - Overview},
@Comment   author =	 {{IPDC} Forum},
@Comment   year =     {2004},
@Comment   note =	 {{WWW} page of the IPDC Forum:
@Comment                   \url{http://www.bmcoforum.org/index.php?id=6}. Accessed
@Comment                    18 Feb 2004.}
@Comment }

@Comment @misc{RFC3550,
@Comment   author =	 {H. Schulzrinne and S. Casner and R. Frederic and
@Comment                   V. Jacobson},
@Comment   title =	 {{RFC} 3550: {RTP}: A Transport Protocol for Real-Time
@Comment                   Applications},
@Comment   insitution =	 {{IETF}},
@Comment   year =	 2003,
@Comment   month =	 {Jul},
@Comment   note =	 {Status: DRAFT STANDARD}
@Comment }

@Comment @techreport{IDReqNom03,
@Comment   author =	 {Y. Nomura and R. Walsh and J. Ott and
@Comment                   H. Schulzrinne},
@Comment   title =	 {Protocol Requirements for Internet Media Guides},
@Comment   institution =	 {{IETF}},
@Comment   year =	 {2003},
@Comment   type =	 {Internet Draft},
@Comment   month =	 {Dec},
@Comment   note =	 {Work in progress. Expires June, 2004},
@Comment   description =	 {Now (Oct 2003) it seems as if the Electronic Service
@Comment                   Guide ESG used in IP Datacasting will be based on
@Comment                   IMG},
@Comment   abstract =	 {This memo specifies requirements for a protocol for
@Comment                   accessing and updating Internet Media Guide (IMG)
@Comment                   information for media-on-demand and multicast
@Comment                   applications. These requirements are designed to
@Comment                   guide development of an IMG protocol for efficient
@Comment                   and scalable delivery.},
@Comment   url =           {http://www.ietf.org/internet-drafts/draft-ietf-mmusic-img-req-02.txt}
@Comment }

@Comment @techreport{FerryProblem,
@Comment   author =	 {Mika Göös and Tuukka Haapasalo and Leo Moisio},
@Comment   title =	 {Finding Hard Instances of the Ferry Problem},
@Comment   institution =	{Aalto {SCI}},
@Comment   year =	 {2010},
@Comment   type =	 {Course Report for the course {T-79.5203/S-72.2420} {G}raph Theory}
@Comment }

@Comment @phdthesis{HaapasaloThesis,
@Comment   author    = {Tuukka Haapasalo},
@Comment   title     = {Accessing Multiversion Data in Database Transactions},
@Comment   year      = {2010},
@Comment   school    = {Department of Computer Science and Engineering, Aalto University School of Science and Technology, Espoo, Finland},
@Comment   note      = {\url{http://lib.tkk.fi/Diss/2010/isbn9789526033600/}}
@Comment }

@Comment @misc{ThesisInstructions,
@Comment   author =   {{Aalto-yliopisto, Degree programme of Computer Science and Engineering}},
@Comment   title =    {Instruction pages: Diplomityö},
@Comment   year =     {2010},
@Comment   note =     {\url{http://information.tkk.fi/fi/opinnot/tietotekniikka/diplomityo/} (in Finnish),
@Comment               \url{http://information.tkk.fi/en/studies/cse/thesis/} (in English). Accessed 9.2.2011}
@Comment }

@Comment @misc{ThesisGrading,
@Comment   author =	 {{Aalto University, Helsinki University of Technology, Committee on Academic Affairs}},
@Comment   title =	 {Guidelines for Master's Thesis Evaluation},
@Comment   month =	 {December 4},
@Comment   year =	 2008,
@Comment   note =          {\url{http://www.tkk.fi/fi/opinnot/opintohallinto/paatokset/guidelinemastersthesisevaluation.pdf}
@Comment                   (in English), \url{http://www.tkk.fi/fi/opinnot/opintohallinto/paatokset/diplomityoarviointiohje.pdf}
@Comment                   (in Finnish).}
@Comment }

@Comment @misc{TeXLive,
@Comment   author =   {{TeX Users Group}},
@Comment   title =    {{TeX Live}},
@Comment   year =     {2010},
@Comment   note =     {\url{http://www.tug.org/texlive/}. Accessed 25.2.2011.}
@Comment }

@Comment @misc{MiKTeX,
@Comment   author =   {{Christian Schenk}},
@Comment   title =    {{MiKTeX}},
@Comment   year =     {2010},
@Comment   note =     {\url{http://miktex.org/}. Accessed 25.2.2011.}
@Comment }


@Comment @misc{TeXlipse,
@Comment   author =   {Taavi Hupponen and Kimmo Karlsson and Jani Laitinen and Oskar Ojala and Antti Pirinen and Esa Seuranen and Laura Takkinen and von Loesch, Boris and Vestbø, Tor Arne},
@Comment   title =    {{TeXlipse plugin for {E}clipse}},
@Comment   year =     {2010},
@Comment   note =     {\url{http://texlipse.sourceforge.net/}. Accessed 25.2.2011.}
@Comment }

@Comment @misc{Eclipse,
@Comment   author =   {{The Eclipse Foundation}},
@Comment   title =    {{Eclipse}},
@Comment   year =     {2011},
@Comment   note =     {\url{http://eclipse.org/}. Accessed 25.2.2011.}
@Comment }



@Comment @Misc{bibinstructions,
@Comment   author =	 {{Aalto University Library}},
@Comment   title =	 {Making a bibliography},
@Comment   howpublished = {webpage},
@Comment   month =	 {March 2},
@Comment   year =	 2011,
@Comment   note =     {\url{http://otalib.aalto.fi/en/instructions/guides/citations/bibliography/}. Accessed
@Comment                   4.2.2011},
@Comment   annote =	 {Introduction how to make bibliography either with
@Comment                   Harvard or Vancouver style}
@Comment }

@Comment @Misc{howfindinfo,
@Comment   author =	 {{Aalto University Library}},
@Comment   howpublished = {webpage},
@Comment   month =	 {March 2},
@Comment   year =	 2011,
@Comment   note =	 {How to find - brief guide to finding
@Comment                   publications and information. Accessed 4.3.2011},
@Comment   annote =	 {Introduction where in the library systems different
@Comment                   kind of publications are stored}
@Comment }

@Comment % Multiversion B-tree (MVBT)
@Comment @article{becker:1996:mvbt,
@Comment   author    = {B. Becker and S. Gschwind and T. Ohler and Bernhard Seeger and Peter Widmayer},
@Comment   title     = {{An asymptotically optimal multiversion B-tree}},
@Comment   journal   = {The VLDB Journal},
@Comment   volume    = 5,
@Comment   number    = 4,
@Comment   year      = 1996,
@Comment   pages     = {264--275}
@Comment }

@Comment % Transactional multiversion B-tree
@Comment @inproceedings{haapasalo:2009:tmvbt,
@Comment   author    = {Tuukka Haapasalo and Ibrahim Jaluta and Bernhard Seeger and Seppo Sippu and Eljas Soisalon-Soininen},
@Comment   title     = {Transactions on the multiversion {B$^+$}-tree},
@Comment   year      = {2009},
@Comment   booktitle = {Proceedings of the 12th Conference in Extending Database Technology},
@Comment   pages     = {1064--1075}
@Comment }
